<?xml version="1.0" encoding="UTF-8"?><collection xmlns="http://www.loc.gov/MARC21/slim"><record><leader>00605nam--2200169-u-4500</leader><controlfield tag="001">000050295</controlfield><controlfield tag="002">20161230</controlfield><controlfield tag="005">20161230201048</controlfield><controlfield tag="008">060418s1000------------r-----000-0-eng-d</controlfield><datafield ind1=" " ind2=" " tag="080"><subfield code="a">539:373</subfield></datafield><datafield ind1="1" ind2=" " tag="100"><subfield code="a">Olariu, Agata</subfield></datafield><datafield ind1="1" ind2="0" tag="245"><subfield code="a">Proceedings of the International Conference on Applications of High Precision Atomic and Nuclear Methods. Neptun, Romania, 2-6 September 2002</subfield><subfield code="c">Agata Olariu, Kristina Stenstrom, Ragnar Hellborg (eds.)</subfield></datafield><datafield ind1=" " ind2=" " tag="260"><subfield code="a">Bucuresti</subfield><subfield code="b">Editura Academiei Romane</subfield><subfield code="c">2002</subfield></datafield><datafield ind1=" " ind2=" " tag="300"><subfield code="a">357 p</subfield></datafield><datafield ind1="1" ind2=" " tag="700"><subfield code="a">Hellborg, Ragnar</subfield><subfield code="e">Ed</subfield></datafield><datafield ind1=" " ind2=" " tag="852"><subfield code="a">81614</subfield><subfield code="c">621.039</subfield></datafield><datafield ind1=" " ind2=" " tag="CAT"><subfield code="a">Sys</subfield><subfield code="c">20160216</subfield><subfield code="h">101852</subfield></datafield></record></collection>